<record><leader>00000cas a22000007a 4500</leader><controlfield tag="001">8821104</controlfield><controlfield tag="008">820930d18401841inuwr ne      0    0eng  </controlfield><datafield ind1=" " ind2=" " tag="010"><subfield code="a">sn 82015473 </subfield></datafield><datafield ind1=" " ind2=" " tag="040"><subfield code="a">DLC</subfield><subfield code="b">eng</subfield><subfield code="c">DLC</subfield><subfield code="d">NPX</subfield><subfield code="d">NPY</subfield><subfield code="d">NPI</subfield><subfield code="d">DLC</subfield><subfield code="d">NVF</subfield><subfield code="d">NVK</subfield><subfield code="d">OCL</subfield><subfield code="d">OCLCO</subfield><subfield code="d">DLC</subfield><subfield code="d">OCLCF</subfield></datafield><datafield ind1="1" ind2=" " tag="029"><subfield code="a">AU@</subfield><subfield code="b">000020120184</subfield></datafield><datafield ind1=" " ind2=" " tag="042"><subfield code="a">msc</subfield></datafield><datafield ind1="0" ind2="0" tag="050"><subfield code="a">Newspaper 7714</subfield></datafield><datafield ind1="0" ind2="4" tag="245"><subfield code="a">The Indiana Democrat, and spirit of the constitution.</subfield></datafield><datafield ind1=" " ind2=" " tag="260"><subfield code="a">Indianapolis, Ind. :</subfield><subfield code="b">N. Bolton &amp; George Pattison,</subfield><subfield code="c">1840-1841.</subfield></datafield><datafield ind1=" " ind2=" " tag="300"><subfield code="a">v. ;</subfield><subfield code="c">56 cm.</subfield></datafield><datafield ind1=" " ind2=" " tag="310"><subfield code="a">Weekly</subfield></datafield><datafield ind1="0" ind2=" " tag="362"><subfield code="a">Vol. 1, no. 12 (Aug. 21, 1840)-v. 1, no. 52 (June 9, 1841).</subfield></datafield><datafield ind1=" " ind2=" " tag="530"><subfield code="a">Available on microfilm from the Frederic Luther Co.</subfield></datafield><datafield ind1=" " ind2="0" tag="651"><subfield code="a">Indianapolis (Ind.)</subfield><subfield code="v">Newspapers.</subfield></datafield><datafield ind1=" " ind2="7" tag="655"><subfield code="a">Newspapers.</subfield><subfield code="2">fast</subfield><subfield code="0">(OCoLC)fst01423814</subfield></datafield><datafield ind1=" " ind2="7" tag="651"><subfield code="a">Indiana</subfield><subfield code="z">Indianapolis.</subfield><subfield code="2">fast</subfield><subfield code="0">(OCoLC)fst01205182</subfield></datafield><datafield ind1=" " ind2=" " tag="752"><subfield code="a">United States</subfield><subfield code="b">Indiana</subfield><subfield code="c">Marion</subfield><subfield code="d">Indianapolis.</subfield></datafield><datafield ind1="0" ind2="4" tag="780"><subfield code="t">Indiana Democrat (Indianapolis, Ind. : 1830)</subfield><subfield code="w">(DLC)sn 82015465</subfield></datafield><datafield ind1="0" ind2="4" tag="780"><subfield code="t">Constitution (Indianapolis, Ind.)</subfield><subfield code="w">(DLC)sn 87056597</subfield></datafield><datafield ind1="0" ind2="0" tag="785"><subfield code="t">Indiana State sentinel (Indianapolis, Ind. : 1841)</subfield><subfield code="x">2332-094X</subfield><subfield code="w">(DLC)sn 82015677</subfield><subfield code="w">(OCoLC)8811173</subfield></datafield></record>